%% This BibTeX bibliography file was created using BibDesk.
%% http://bibdesk.sourceforge.net/


%% Created for Kevin at 2014-03-18 13:08:18 +0100 


%% Saved with string encoding Unicode (UTF-8) 

@article{Neary28031940,
author = {Neary, G. J.}, 
title = {The $ \beta $-Ray Spectrum of Radium E},
volume = {175}, 
number = {960}, 
pages = {71-87}, 
year = {1940}, 
doi = {10.1098/rspa.1940.0044}, 
URL = {http://rspa.royalsocietypublishing.org/content/175/960/71.short}, 
eprint = {http://rspa.royalsocietypublishing.org/content/175/960/71.full.pdf+html}, 
journal = {Proceedings of the Royal Society of London. Series A. Mathematical and Physical Sciences} 
}

@book{093570275X,
	Added-At = {2008-09-01T10:19:03.000+0200},
	Asin = {093570275X},
	Author = {Taylor, John R.},
	Biburl = {http://www.bibsonomy.org/bibtex/203b32232e416c3ed7206a06d77c7a5e3/ljiang},
	Date-Added = {2014-03-18 12:07:17 +0000},
	Date-Modified = {2014-03-18 12:08:18 +0000},
	Dewey = {530.16},
	Ean = {9780935702750},
	Edition = {2 Sub},
	Interhash = {c827b2121e2a39e4e93d4a1e25d0d712},
	Intrahash = {03b32232e416c3ed7206a06d77c7a5e3},
	Isbn = {093570275X},
	Keywords = {ErrorAnalysis},
	Publisher = {University Science Books},
	Timestamp = {2008-09-01T10:19:03.000+0200},
	Title = {An Introduction to Error Analysis: The Study of Uncertainties in Physical Measurements},
	Year = 1996,
	Bdsk-Url-1 = {http://www.amazon.com/Introduction-Error-Analysis-Uncertainties-Measurements/dp/093570275X%3FSubscriptionId%3D13CT5CVB80YFWJEPWS02%26tag%3Dws%26linkCode%3Dxm2%26camp%3D2025%26creative%3D165953%26creativeASIN%3D093570275X}}

@webpage{nistData,
	Author = {Berger, M.J.},
	Date-Added = {2014-03-17 07:36:35 +0000},
	Date-Modified = {2014-03-17 07:42:11 +0000},
	Month = {March},
	Title = {ESTAR, PSTAR, and ASTAR: Computer Programs for Calculating Stopping-Power and Range Tables for Electrons, Protons, and Helium Ions (version 1.2.3)},
	Url = {http://physics.nist.gov/Star},
	Year = {2014}}

@article{RevModPhys.24.28,
	Author = {Katz, L. and Penfold, A. S.},
	Date-Added = {2014-03-17 00:21:59 +0000},
	Date-Modified = {2014-03-17 00:21:59 +0000},
	Doi = {10.1103/RevModPhys.24.28},
	Issue = {1},
	Journal = {Rev. Mod. Phys.},
	Month = {Jan},
	Numpages = {0},
	Pages = {28--44},
	Publisher = {American Physical Society},
	Title = {Range-Energy Relations for Electrons and the Determination of Beta-Ray End-Point Energies by Absorption},
	Url = {http://link.aps.org/doi/10.1103/RevModPhys.24.28},
	Volume = {24},
	Year = {1952},
	Bdsk-Url-1 = {http://link.aps.org/doi/10.1103/RevModPhys.24.28},
	Bdsk-Url-2 = {http://dx.doi.org/10.1103/RevModPhys.24.28}}

@webpage{hyperphysics,
	Date-Added = {2014-03-14 23:04:27 +0000},
	Date-Modified = {2014-03-14 23:04:51 +0000},
	Month = {March},
	Url = {http://hyperphysics.phy-astr.gsu.edu},
	Year = {2014},
	Bdsk-Url-1 = {http://hyperphysics.phy-astr.gsu.edu}}

@webpage{nndc,
	Date-Added = {2014-03-14 22:33:59 +0000},
	Date-Modified = {2014-03-14 22:34:37 +0000},
	Month = {March},
	Url = {http://www.nndc.bnl.gov},
	Year = {2014},
	Bdsk-Url-1 = {http://www.nndc.bnl.gov/},
	Bdsk-Url-2 = {http://www.nndc.bnl.gov}}